% Follow the template below. Find templates for other types of references on the RSI website. Remember, each entry should have a unique name.

@Online{basispf,
  hyphenation = {american},
  author      = {Ben Elias and Mikhail Khovanov},
  title       = {Diagrammatics for Soergel Categories},
  version     = {1},
  date        = {2009-02-26},
  eprinttype  = {arxiv},
  eprintclass = {cs.DS},
  eprint      = {0902.4700v1}
}

@Online{span,
	author = {Ben Elias and Georgie Williamson},
	title = {Generators and Relations for Soegrel Bimodules}
}
